@inproceedings{sanders2008nasa,
  title={NASA In-Situ Resource Utilization (ISRU) Project: Development and Implementation},
  author={Sanders, Gerald and Larson, William and Sacksteder, Kurt and Mclemore, Carole},
  booktitle={AIAA SPACE 2008 Conference \& Exposition},
  pages={7853},
  year={2008}
}

@inproceedings{huang2019visual,
  title={Visual-inertial navigation: A concise review},
  author={Huang, Guoquan},
  booktitle={2019 International Conference on Robotics and Automation (ICRA)},
  pages={9572--9582},
  year={2019},
  organization={IEEE}
}

@article{gui2015review,
  title={A review of visual inertial odometry from filtering and optimisation perspectives},
  author={Gui, Jianjun and Gu, Dongbing and Wang, Sen and Hu, Huosheng},
  journal={Advanced Robotics},
  volume={29},
  number={20},
  pages={1289--1301},
  year={2015},
  publisher={Taylor \& Francis}
}

@inproceedings{delmerico2018benchmark,
  title={A benchmark comparison of monocular visual-inertial odometry algorithms for flying robots},
  author={Delmerico, Jeffrey and Scaramuzza, Davide},
  booktitle={2018 IEEE International Conference on Robotics and Automation (ICRA)},
  pages={2502--2509},
  year={2018},
  organization={IEEE}
}

@article{mohamed2019survey,
  title={A Survey on Odometry for Autonomous Navigation Systems},
  author={Mohamed, Sherif AS and Haghbayan, Mohammad-Hashem and Westerlund, Tomi and Heikkonen, Jukka and Tenhunen, Hannu and Plosila, Juha},
  journal={IEEE Access},
  volume={7},
  pages={97466--97486},
  year={2019},
  publisher={IEEE}
}

@inproceedings{shan2016brief,
  title={A brief survey of visual odometry for micro aerial vehicles},
  author={Shan, Mo and Bi, Yingcai and Qin, Hailong and Li, Jiaxin and Gao, Zhi and Lin, Feng and Chen, Ben M},
  booktitle={IECON 2016-42nd Annual Conference of the IEEE Industrial Electronics Society},
  pages={6049--6054},
  year={2016},
  organization={IEEE}
}

@article{taketomi2017visual,
  title={Visual SLAM algorithms: a survey from 2010 to 2016},
  author={Taketomi, Takafumi and Uchiyama, Hideaki and Ikeda, Sei},
  journal={IPSJ Transactions on Computer Vision and Applications},
  volume={9},
  number={1},
  pages={16},
  year={2017},
  publisher={Springer}
}

@inproceedings{huang2019visual,
  title={Visual-inertial navigation: A concise review},
  author={Huang, Guoquan},
  booktitle={2019 International Conference on Robotics and Automation (ICRA)},
  pages={9572--9582},
  year={2019},
  organization={IEEE}
}

@article{fuentes2015visual,
  title={Visual simultaneous localization and mapping: a survey},
  author={Fuentes-Pacheco, Jorge and Ruiz-Ascencio, Jos{\'e} and Rend{\'o}n-Mancha, Juan Manuel},
  journal={Artificial intelligence review},
  volume={43},
  number={1},
  pages={55--81},
  year={2015},
  publisher={Springer}
}



